@InProceedings{manning-EtAl:2014:P14-5,
  author    = {Manning, Christopher D. and  Surdeanu, Mihai  and  Bauer, John  and  Finkel, Jenny  and  Bethard, Steven J. and  McClosky, David},
  title     = {The {Stanford} {CoreNLP} Natural Language Processing Toolkit},
  booktitle = {Association for Computational Linguistics (ACL) System Demonstrations},
  year      = {2014},
  pages     = {55--60},
  url       = {http://www.aclweb.org/anthology/P/P14/P14-5010}
}

@inproceedings{Mauri:2017:RVP:3125571.3125585,
 author = {Mauri, Michele and Elli, Tommaso and Caviglia, Giorgio and Uboldi, Giorgio and Azzi, Matteo},
 title = {RAWGraphs: A Visualisation Platform to Create Open Outputs},
 booktitle = {Proceedings of the 12th Biannual Conference on Italian SIGCHI Chapter},
 series = {CHItaly '17},
 year = {2017},
 isbn = {978-1-4503-5237-6},
 location = {Cagliari, Italy},
 pages = {28:1--28:5},
 articleno = {28},
 numpages = {5},
 url = {http://doi.acm.org/10.1145/3125571.3125585},
 doi = {10.1145/3125571.3125585},
 acmid = {3125585},
 publisher = {ACM},
 address = {New York, NY, USA},
 keywords = {Visualization tools, data visualization, open output, visual interface},
}

@misc {first_propaganda,
    author={Robert Darnton},
    title={The True History of Fake News},
    year={2017},
    howpublished={\url{http://www.nybooks.com/daily/2017/02/13/the-true-history-of-fake-news/}},
    note={[Online; accessed 14-December-2017]}
}

@misc {field_guide_fakenews,
    author={Public Data Lab},
    title={A Field Guide to Fake News},
    year={2017},
    howpublished={\url{http://fakenews.publicdatalab.org/}},
    note={[Online; accessed 14-December-2017]},
}

@techreport{allcott2017social,
  title={Social media and fake news in the 2016 election},
  author={Allcott, Hunt and Gentzkow, Matthew},
  year={2017},
  institution={National Bureau of Economic Research}
}

@article{gottfried2016news,
  title={News use across social media platforms 2016},
  author={Gottfried, Jeffrey and Shearer, Elisa},
  journal={Pew Research Center},
  volume={26},
  year={2016}
}

@book{spencer2007yellow,
  title={The yellow journalism: the press and America's emergence as a world power},
  author={Spencer, David Ralph},
  year={2007},
  publisher={Northwestern University Press}
}

@article{khaldarova2016fake,
  title={Fake news: The narrative battle over the Ukrainian conflict},
  author={Khaldarova, Irina and Pantti, Mervi},
  journal={Journalism Practice},
  volume={10},
  number={7},
  pages={891--901},
  year={2016},
  publisher={Taylor \& Francis}
}

@misc {bbc_mcdVillage,
    title={The city getting rich from fake news},
    author={Emma Jane Kirby},
    year={2016},
    howpublished={\url{http://www.bbc.com/news/magazine-38168281}},
    note={[Online; accessed 14-December-2017]}
}

% Optional fields: volume, number, pages, month, note
@ARTICLE{the_economist,
    author = {},
    title = {I Can Haz All Your Votes},
    journal = {The Economist},
    year = {2017},
    volume={November 4-10},
    pages={21-24}
}

 @misc{ good_morning_russia_host,
   author = "Wikipedia contributors",
   title = "Yekaterina Strizhenova --- {W}ikipedia{,} The Free Encyclopedia",
   year = "2017",
   url = {\url{https://en.wikipedia.org/wiki/Yekaterina_Strizhenova}},
   note = "[Online; accessed 14-December-2017]"
 }

@article{the_narrative_battle,
    author = {Irina Khaldarova and Mervi Pantti},
    title = {Fake News},
    journal = {Journalism Practice},
    volume = {10},
    number = {7},
    pages = {891-901},
    year  = {2016},
    publisher = {Routledge},
    doi = {10.1080/17512786.2016.1163237},
    URL = {\url{https://doi.org/10.1080/17512786.2016.1163237}},
    eprint = {\url{https://doi.org/10.1080/17512786.2016.1163237}}
}

% Optional fields: author, title, howpublished, month, year, note
@MISC{jamesfuckingwilliamseveryone,
    author={Brian Gallagher},
    title={Modern Media Is a DoS Attack on Your Free Will},
    year={2017},
    url={\url{http://nautil.us/issue/52/the-hive/modern-media-is-a-dos-attack-on-your-free-will}},
    note="[Online; accessed 15-December-2017]",
    
}